% Bibliography file CVT_bib.tex
%------------------------------------------------------

%##################################################################################
% From Maria's draft of the paper
%##################################################################################

@article{au90,
  author = {F. Aurenhammer},
  title = {Voronoi Diagrams. A Survey of a Fundamental Geometric Data Structure},
  journal = {ACM Computing Surveys},
  year = {1990},
  volume = {23},
  pages = {345--405}
}


@article{multi_maria,
  author = {Qiang Du and Maria Emelianenko},
  title = {Uniform Convergence of a Nonlinear Energy-Based Multilevel Quantization Scheme},
  journal = {SIAM Journal and  Numerical  Analysis},
  year = {2008},
  volume = {46},
}

@article{brandt,
  author = {A. Brandt},
  title = {General Highly Accurate Algebraic Coarsening},
  journal = {Electronic Transactions on Numerical Analysis},
  year = {2000},
  volume = {10},
  pages = {1--20}
}
@article{trotten,
  author = {U.Trottenberg and C.W.Oosterlee and A.Schuller},
  title = {Multigrid},
  publisher= {Academic Press},
  year = {2001},
  pages = {61--62}
}


@article{bre00,
  author = {M. Brezina and A. Cleary and R. Falgout and H. Henson and J. Jones and T. Manteuffel
               and S. McCormick and J. Ruge},
  title = {Algebraic Multigrid Based on Element Interpolation},
  journal = {SIAM Journal on Scientific Computing},
  year = {2000},
  volume = {22},
  pages = {1570--1592}
}

@book{Briggs,
  author = {W.L. Briggs and V.E. Henson and S.F. McCormick},
  title = {A Multigrid Tutorial: Second Edition},
  publisher = {SIAM},
  address = {Philadelphia},
  year = {2000}
}

@article{chan,
  author = {T.Chan and I. Sharapov},
  title = {Subspace Correction Multilevel Methods for Elliptic Eigenvalue Problems},
  journal = {Numerical Linear Algebra and its Applications}.
  year = {1993},
  volume = {1},
  pages = {1--7}
}

@article{ch02,
  author = {Q. Chang and Z. Huang},
  title = {Efficient algebraic multigrid algorithms and their convergence},
  journal = {SIAM Journal on Scientific Computing},
  year = {2002},
  volume = {24},
  pages = {597--618}
}

@article{Cortes,
  author = {J. Cortes and S. Martinez and T. Karata and F. Bullo},
  title = {Coverage control for mobile sensing networks},
  journal = {IEEE Transactions on Robotics and Automation},
  year = {2004},
  volume = {20},
  pages = {243--255}
}

@article{DE08,
  author = {Qiang Du and M. Emelianenko},
  title = {Uniform convergence of a nonlinear energy-based multilevel quantization scheme
            via centroidal {V}oronoi tessellations},
  journal = {SIAM Journal on Numerical Analysis},
  volume = {46},
  number = {3},
  year = {2008},
  pages = {1483--1502}
}

@incollection{DE07,
  author = {Qiang Du and M. Emelianenko},
  title = {Uniform convergence of a multilevel energy-based quantization scheme},
  booktitle = {Lecture Notes in Computer Science and Engineering},
  volume = {55},
  editor = {Olof B. Widlund and David E. Keyes},
  publisher = {Springer},
  address = {Berlin},
  year = {2007},
  pages = {533--541}
}

@article{DE06,
  author = {Qiang Du and M. Emelianenko},
  title = {Acceleration of algorithms for the computation of centroidal {V}oronoi tessellations},
  journal = {Numerical Linear Algebra and its Applications},
  volume = {13},
  number = {2--3},
  year = {2006},
  pages = {173--192}
}

@article{DEJ,
  author = {Qiang Du and M. Emelianenko and L. Ju},
  title = {Convergence Properties of the {L}loyd Algorithm for Computing the Centroidal
            {V}oronoi Tessellations},
  journal = {SIAM Journal on Numerical Analysis},
  volume = {44},
  number = {1},
  year = {2006},
  pages = {102--119}
}

@article{EJR,
  author = {M. Emelianenko and L. Ju and A. Rand},
  title = {Weak global convergence of the {L}loyd method for computing centroidal {V}oronoi
            tessellations in ${R}^d$},
  journal = {SIAM Journal on Numerical Analysis},
  volume = {46},
  number = {3},
  year = {2008},
  pages = {1423--1441}
}

@article{E10,
  author = {M. Emelianenko},
  title = {Fast Multilevel {CVT}-based Adaptive Data Visualization Algorithm},
  journal = {Numerical Mathematics: Theory, Methods and Applications},
  volume = {3},
  number = {2},
  year = {2010},
  pages = {195--211}
}

@article{DFG,
  author = {Qiang Du and V. Faber and Max Gunzburger},
  title = {Centroidal {V}oronoi tessellations: applications and algorithms},
  journal = {SIAM Review},
  year = {1999},
  volume = {41},
  pages = {637--676}
}

@inproceedings{LNCS08,
  author = {Vasconcelos, Cristina N. and S\'{a}, Asla and Carvalho, Paulo Cezar and Gattass, Marcelo},
  title = {Lloyd's Algorithm on GPU},
  booktitle = {ISVC '08: Proceedings of the 4th International Symposium on Advances in Visual Computing},
  year = {2008},
  isbn = {978-3-540-89638-8},
  pages = {953--964},
  location = {Las Vegas, NV},
  doi = {http://dx.doi.org/10.1007/978-3-540-89639-5_91},
  publisher = {Springer-Verlag},
  address = {Berlin, Heidelberg}
}

@inproceedings{Levy10,
  author = {Bruno L\'{e}vy and Yang Liu},
  title = {${L}_p$ Centroidal {V}oronoi Tessellation and its Applications},
  booktitle = {ACM Transactions on Graphics, SIGGRAPH conference proceedings},
  year = {2010},
  volume = {24},
  number = {4},
  note = {Article 119},
  doi = {http://doi.acm.org/10.1145/1778765.1778856}
}

@article{Levy10_1,
  author = {Guodong Rong and Yang Liu and Wenping Wang and Xiaotian Yin and Xianfeng David Gu and Xiaohu Guo},
  title = {{GPU}-Assisted Computation of Centroidal {V}oronoi Tessellation},
  journal = {IEEE Transactions on Visualization and Computer Graphics},
  volume = {16},
  year = {2010},
  note = {to appear}
}

@article{DG02,
  author = {Qiang Du and Max Gunzburger},
  title = {Grid Generation and Optimization Based on Centroidal {V}oronoi Tessellations},
  journal = {Applied Mathematics and Computation},
  year = {2002},
  volume = {133},
  pages = {591--607}
}

@article{DGJ02,
  author = {Qiang Du and Max Gunzburger and L. Ju},
  title = {Meshfree Probabilistic Determination of Points, Support
            Spheres, and Connectivities for Meshless Computing},
  journal = {Computational Methods in Applied Mechanics and Engineering},
  year = {2002},
  volume = {191},
  pages = {1349-1366}
}

@article{DGJ03,
  author = {Qiang Du and Max Gunzburger and L. Ju},
  title = {Constrained centroidal {V}oronoi tessellations on general surfaces},
  journal = {SIAM Journal on Scientific Computing},
  year = {2003},
  volume = {24},
  pages = {1488-1506}
}

@article{DW1,
  author = {Qiang Du and Desheng Wang},
  title = {Tetrahedral mesh generation and optimization based on centroidal {V}oronoi tessellations},
  journal = {International Journal for Numerical Methods in Engineering},
  volume = {56},
  year = {2002},
  pages = {1355--1373}
}

@article{DW3,
  author = {Qiang Du and Desheng Wang},
  title = {Recent progress in robust and quality {D}elaunay mesh generation},
  journal = {Journal of Computational and Applied Mathematics},
  year = {2006},
  volume = {195},
  pages = {8--23}
}

@article{dwyer,
  author = {R. Dwyer},
  title = {Higher-dimensional {V}oronoi diagrams in linear expected time},
  journal = {Discrete and Computational Geometry},
  year = {1991},
  volume = {6},
  pages = {343--367}
}

@article{for87,
  author = {S. Fortune},
  title = {A sweepline algorithm for {V}oronoi diagrams},
  journal = {Algorithmica},
  year = {1987},
  volume = {2},
  pages = {153--174}
}

@article{Gray98,
  author = {R. Gray and D. Neuhoff},
  title = {Quantization},
  journal = {IEEE Transactions on Information Theory},
  year = {1998},
  volume = {44},
  pages = {2325--2383}
}

@article{gm90,
  author = {E. Gelman and J. Mandel},
  title = {On multilevel iterative methods for optimization problems},
  journal = {Mathematical Programming},
  year = {1990},
  volume = {48},
  pages = {1--17}
}

@article{Gersho,
  author = {A. Gersho},
  title = {Asymptotically optimal block quantization},
  journal = {IEEE Transactions on Information Theory},
  year = {1979},
  volume = {25},
  pages = {373--380}
}

@article{hr,
  author = {W. Hackbusch and A. Reusken,
  title = {Analysis of a damped nonlinear multilevel method},
  journal = {Numerische Mathematik},
  volume = {55},
  number = {2},
  pages = {225--246}
}

@book{korn,
  author = {R. Kornhuber},
  title = {Adaptive Monotone Multigrid Methods for Nonlinear Variational Problems},
  publisher = {Teubner},
  address = {Stuttgart},
  year = {1997}
}

@article{Hiller03,
  author = {S. Hiller and H. Hellwig and O. Deussen},
  title = {Beyond Stippling  Methods for Distributing Objects on the Plane},
  journal = {Computer Graphics Forum},
  year = {2003},
  volume = {22},
  pages = {515--522}
}

@article{JDG02,
  author = {L. Ju and Qiang Du and Max Gunzburger},
  title = {Probabilistic methods for centroidal {V}oronoi tessellations and their parallel implementations},
  journal = {Parallel Computing},
  year = {2002},
  volume = {28},
  pages = {1477--1500}
}


@techreport{yavneh03,
  author = {Y. Koren and I. Yavneh and A. Spira},
  title = {A Multigrid Approach to the 1-{D} Quantization Problem},
  year = {2003}
}

@article{yavneh06,
  author = {Y. Koren and I. Yavneh},
  title = {Adaptive Multiscale Redistribution for Vector Quantization},
  journal = {SIAM Journal on Scientific Computing},
  year = {2006},
  volume = {27},
  pages = {1573--1593}
}

@article{LBG,
  author = {Y. Linde and A. Buzo and R. Gray},
  title = {An algorithm for vector quantizer design},
  journal = {IEEE Transactions on Communications},
  year = {1980},
  volume = {28},
  pages = {84--95}
}

@article{Lloyd,
  author = {S. Lloyd},
  title = {Least square quantization in {PCM}},
  journal = {IEEE Transactions on Information Theory},
  year = {1982},
  volume = {28},
  pages = {129--137}
}

@article{Mendes04,
  author = {A. Mendes and I. Themido},
  title = {Multi-outlet retail site location assessment},
  journal = {International Transactions in Operational Research},
  year = {2004},
  volume = {11},
  pages = {1--18}
}

@book{Okabe,
  author = {A. Okabe and B. Boots and K. Sugihara},
  title = {Spatial Tessellations; Concepts and Applications of {V}oronoi Diagrams},
  publisher = {Wiley},
  address = {Chichester},
  year = {1992}
}

@incollection{rs87,
  author = {J.W. Ruge and and K. St\"{u}ben},
  title = {Algebraic Multigrid},
  booktitle = {Multigrid methods},
  editor = {Stephen F. McCormick},
  series = {Frontiers in Applied Mathematics},
  publisher = {SIAM},
  address = {Philadelphia},
  year = {1987},
  pages = {73--130}
}

@article{Gray86,
  author = {J. Sabin and R. Gray},
  title = {Global Convergence and Empirical Consistency of the Generalized {L}loyd Algorithm},
  journal = {IEEE Transactions on Information Theory},
  year = {1986},
  volume = {IT--32},
  number = {2},
  pages = {148--155}
}

@article{15,
  author = {X. Tai and J. Xu},
  title = {Global Convergence of Subspace Correction Methods for Some Convex Optimization Problems},
  journal = {Mathematics of Computation},
  year = {2002},
  volume = {71},
  pages = {105--124}
}

@article{Trushkin,
  author = {A. Trushkin},
  title = {On the design of an optimal quantizer},
  journal = {IEEE Transactions on Information Theory},
  year = {1993},
  volume = {39},
  pages = {1180--1194}
}

@article{Brain04,
  author = {C. Wager and B. Coull and N. Lange},
  title = {Modelling spatial intensity for replicated inhomogeneous point patterns in brain imaging},
  journal = {Journal of Royal Statistical Society B}.
  year = {2004},
  volume = {66},
  pages = {429--446}
}

@article{Mesh04,
  author = {S. Valette and J. Chassery},
  title = {Approximated Centroidal {V}oronoi Diagrams for Uniform Polygonal Mesh Coarsening},
  journal = {Computer Graphics Forum},
  year = {2004},
  volume = {23},
  pages = {381--390}
}

@article{xuz,
  author = {J. Xu and L. Zikatanov L},
  title = {The method of alternating projections and the method of subspace
                corrections in {H}ilbert space},
  journal = {Journal of Americal Mathematical Society},
  year = {2002},
  volume = {15},
  pages = {573--597}
}

@book{TrOS01a,
  author=       {Ulrich Trottenberg and Cornelis Oosterlee and Anton Sch\"{u}ller},
  title=        {Multigrid},
  publisher=    {Academic Press},
  year=         {2001},
  address=      {London}
}

%##################################################################################
% From my .bib file
%##################################################################################

@article{BoKT99a,
  author = {Paul T. Boggs and Anthony J. Kearsley and Jon W. Tolle},
  title = {A global convergence analysis of an algorithm for large-scale nonlinear optimization problems},
  journal = {SIAM Journal on Optimization},
  year = {1999},
  volume = {9},
  number = {4},
  pages = {833--862}
}

@Article{BoTo95a,
  author =       "Paul T. Boggs and Jon W. Tolle",
  title =        "Sequential quadratic programming",
  journal =      "Acta Numerica",
  year =         "1995",
  volume =       "4",
  pages =        "1--52"
}

@article{ByrN91a,
  author =       "Richard H. Byrd and Jorge Nocedal",
  title =        "An analysis of reduced {H}essian methods for constrained optimization",
  journal =      "Mathematical Programming",
  year =         "1991",
  volume =       "49",
  pages =        "285--323"
}

@article{GaSaTo08a,
  author = "Serge Gratton and Annick Sartenaer and and Philippe L. Toint",
  title  = "Recursive trust-region methods for multilevel
             nonlinear optimization",
  journal = "SIAM Journal on Optimization",
  volume = "19",
  year   = "2008",
  pages = "414--444"
}

@article{GrLL86a,
  author = {L. Grippo and F. Lampariello and S. Lucidi},
  title  = {A Nonmonotone Line Search Technique for {N}ewton's Method},
  journal = {SIAM Journal on Numerical Analysis},
  volume  = {23},
  number  = {4},
  year    = {1986},
  pages   = {707--716}
}

@book{GrNaSo08a,
  author    = "Igor Griva and Stephen G. Nash and Ariela Sofer",
  title     = "Linear and Nonlinear Optimization",
  publisher = "SIAM",
  address   = "Philadelphia",
  year      = 2008
}

@PhDThesis{Kyde02a,
  author=   "Niko Kydes",
  title=    "A Multigrid Solution of the Continuous Dynamic
                 Disequilibrium Network Design Problem",
  school=   "School of Information Technology and Engineering,
         George Mason University",
  address =      "Fairfax, Virginia",
  year=     "2002"
}

@Article{LeNa05a,
  author=   "Robert Michael Lewis and Stephen G. Nash",
  title=    "Model problems for the multigrid optimization of systems
               governed by differential equations",
  journal=  "SIAM Journal on Scientific Computing",
  year=     "2005",
  volume=   "26",
  number=   "",
  pages=    "1811--1837",
}

@book{McCo92a,
  author=   {Stephen F. {McCormick}},
  title=    {Multilevel Projection Methods for Partial Differential
         Equations},
  publisher=    {Society for Industrial and Applied Mathematics},
  year=     {1992}
}

@article{MeeR99a,
  author = {A.R. Meenakshi and C. Rajian},
  title = {On a product of positive semidefinite matrices},
  journal = {Linear Algebra and its Applications},
  volume = {295},
  year = {1999},
  pages = {3--6}
}

@misc{Nash84sw,
  author = "Stephen G. Nash",
  title = "{TN}/{TNBC} Software",
  howpublished = "{\tt http://www-fp.mcs.anl.gov/OTC/Guide/SoftwareGuide/ Blurbs/tn\_tnbc.html}"
  year = "1984"
}

@article{Nash00a,
  author=   {Stephen G. Nash},
  title=    {A multigrid approach to discretized optimization problems},
  journal=  {Journal of Computational and Applied Mathematics},
  volume=   {14},
  year=     {2000},
  pages=    {99--116}
}

@techreport{Nash10a,
  author = {Stephen G. Nash},
  title = {Convergence and Descent Properties for a Class of Multilevel Optimization Algorithms},
  institution = {Systems Engineering and Operations Research Department, George Mason University,
                   Fairfax, VA},
  year = {2010},
  url = {http://www.optimization-online.org/DB_HTML/2010/04/2598.html}
}
@article{NaNo91a,
  author=       {Stephen G. Nash and Jorge Nocedal},
  title=        {A Numerical Study of the Limited Memory {BFGS} Method and the
                 Truncated-{Newton} Method for Large Scale Optimization},
  journal=      SIOPT,
  volume=       {1},
  number=       {},
  month=        {},
  year=         {1991},
  pages=        {358--372}
}

@Book{NoWr99a,
  author =   {Jorge Nocedal and Stephen Wright},
  title =    {Numerical Optimization},
  publisher =    {Springer},
  year =     1999,
  series =   {Springer Series in Operations Research},
  address =  {New York},
  url =          {http://www.springer-ny.com/detail.tpl?isbn=0387987932}
}

@techreport{RumM90a,
  author = {Markus P. Rumpfkeil and Dimitri J. Mavriplis},
  title = {Optimization-based Multigrid Applied to Aerodynamic Shape Design},
  institution = {Department of Mechanical Engineering, University of Wyoming, Laramie},
  year = {2009},
  url = {http://wwweng.uwyo.edu/mechanical/faculty/Dimitri_Mavriplis/HOME/NEW_PAPERS/RumpfkeilandMavriplis.pdf}
}

@article{ValB08a,
  author = "Michelle Vallejos and Alfio Borz\`\i",
  title  = "Multigrid optimization methods for linear and bilinear elliptic optimal control problems",
  journal = "Computing",
  year   = "2008",
  volume = "82",
  pages = "31--52"
}

@techreport{WenG07a,
  author = {Zaiwen Wen and Donald Goldfarb},
  title = {A Line Search Multigrid Method for Large-Scale Convex Optimization},
  institution = {Department of IEOR, Columbia University},
  year = {2007}
}
