% Bibliography file reading_bib.tex
%------------------------------------------------------


@techreport{AL1,
  author = {Alfio Borzi},
  title = {Multilevel methods in optimization with partial differential equations},
  type = {lecture notes},
  organization={Insitut f\"{u}r Mathematik und Wissenschaftliches Rechnen}, 
  address={Karl-Franzens-Universit\"{a}t Graz, Graz, Austria}
 
}



@article{ap1,
  author = {A. Iontcheva and P. Vassilevski},
  title = {Monotone multigrid methods based on element agglomeration coarsening away from the contact boundary for the Signorini's problem},
  journal = {Numerical Linear Algebra with Applications},
  year = {2004},
  volume = {11},
  pages = {189--204}
}


@article{AC,
  author = {Achi Brandt and Colin W. Cryer },
  title = {Multigrid Algorithms for the Solution of Linear Complementarity Problems Arising from Free Boundary Problems },
  journal = {SIAM J. on Scientific Computing },
  year = {1983},
  volume = {4},
  pages = {655--684}
}

@article{AD,
author="Andrei Draganescu",
title="Multigrid preconditioning of linear systems for semismooth Newton methods applied to optimization problems constrained by smoothing operators",
year="2011",
eprint="arXiv/1106.0090",
} 


@article{CA1,
  author = {C. Meyer and A. R\''{o}sh},
  title = {Superconvergence Properties of Optimal Control Problems},
  journal = {SIAM J. on Control and Optimization},
  year = {2004},
  volume = {43},
  pages = {970-985}
}

@article{DIA,
  author = {Dorit Ron and  Ilya Safro and Achi Brandt },
  title = {A Fast Multigrid Algorithm for Energy Minimization under Planar Density Constraints },
  journal = {Multiscale Model. Simul.},
  year = {2010},
  volume = {8},
  pages = {1599--1620}
}

@article{ec1,
  author = {E. Casas and F. Troltzsch},
  title = {Recent advances in the analysis of pointwise state-constrained elliptic
optimal control problems},
  journal = {SIAM Journal on Scientific Computing},
  year = {2002},
  volume = {24},
  pages = {597--618}
}

@article{ej1,
  author = {E. Gelman and J.Mandel},
  title = {On multilevel iterative methods for opitimization problems},
  journal = {Mathematical Programming},
  year = {1990},
  volume = {48},
  pages = {1--17}
}

@book{FT1,
  author = {F. Troltzsch},
  title = {Optimal Control of Partial Differential Equations},
publisher= {American Mathematical Society },
  year = {2010},
}

@article{JV1,
  author = {J. E. Jones and P. S. Vassilevski},
  title = {AMGe based on element agglomeration},
  journal = {SIAM Journal on Scientific Computing},
  year = {2001},
  volume = {23},
  pages = {109--133}
}



@article{L1,
  author = {Nick Gould },
  title = {Numerical methods for large-scale nonlinear optimization},
  journal = {Acta Numerica},
  year = {2005},
  volume = {14},
  pages = {299--361}
}

@article{ma1,
  author = {M. Vallejos and A. Borz\'{i}},
  title = {Multigrid optimization methods for linear and bilinear elliptic optimal control problems},
  journal = {Computing},
  year = {2008},
  volume = {82},
  pages = {31--52}
}

@techreport{MAR1,
  author = {Maratos, N.},
  title = {Exact Penalty Function Algorithms for Finite Dimensional and Control Optimization Problems},
  type = {Ph. D. Thesis},
  organization={University of London}, 
  year={1978},
 }


@article{M1,
  author = {Subhendu B. Hazra},
  title = {Multigrid one-shot method for state constrained aerodynamic shape optimization},
  journal = {SIAM Journal on Scientific Computing},
  year = {2008},
  volume = {30},
  pages = {3220--3248},
}

@techreport{m2,
  author = {Serge Gratton and M\'{e}lodie Mouffe and Philippe L. Toint and Melissa Weber-Mendon\c{c}a},
  title = {A recursive trust-region in infinity norm for bound-constrained nonlinear optimization},
  type={CERFACS Technical Report},
  year = {2007},
}

@article{m3,
  author = {M. Engel and  M. Griebel},
  title = {A multigrid method for constrained optimal control problems},
  journal = {Journal of Computational and Applied Mathematics},
  year = {2011},
  volume = {235},
  pages = {4368-4388 }
}

@article{NA,
  author = { Stephen Nash and Ariela Sofer},
  title = {A Barrier Method for Large-Scale Constrained Optimization},
  journal = {ORSA Journal on Computing},
  year = {1993},
  volume = {5},
}


@article{RH,
     title = {Multigrid Algorithms for Variational Inequalities},
     author = {Hoppe, Ronald H. W.},
     journal = {SIAM Journal on Numerical Analysis},
     volume = {24},
     pages = {pp. 1046-1065},
     year = {1987},
    }



@techreport{RJ1,
  author = {R.H. Byrd and  J.C. Gilbert},
  title = {A trust region method based on interior point techniques  for nonlinear programming},
  type = {Report OTC 96/02},
  year = {1996},
 institution = {Optimization Technology Center},
address ={Northwestern University},
}

@incollection {RK,
   author = {Krause, Rolf},
   affiliation = {Institute for Numerical Simulation Wegelerstraße 6 D-53115 Bonn},
   title = {On the Multiscale Solution of Constrained Minimization Problems},
   booktitle = {Domain Decomposition Methods in Science and Engineering XVII},
   series = {Lecture Notes in Computational Science and Engineering},
   editor = {Langer, Ulrich and Discacciati, Marco and Keyes, David E. and Widlund, Olof B. and Zulehner, Walter},
   publisher = {Springer Berlin Heidelberg},
   pages = {93-104},
   volume = {60},
   year = {2008}
}

@incollection {RK2,
   author = {Krause, R.},
   affiliation = {Institute for Numerical Simulation Wegeler Straβe 6 Bonn 53115},
   title = {From inexact active set strategies to nonlinear multigrid methods},
   booktitle = {Analysis and Simulation of Contact Problems},
   series = {Lecture Notes in Applied and Computational Mechanics},
   editor = {Wriggers, Peter and Nackenhorst, Udo},
   publisher = {Springer Berlin / Heidelberg},
   pages = {13-21},
   volume = {27},
   year = {2006}
}

@ARTICLE{RK3,
    author = {Ralf Kornhuber},
    title = {Monotone Multigrid Methods for Elliptic Variational Inequalities I},
    journal = {I. Numer. Math},
    year = {1993},
    volume = {69},
    pages = {18--4}
}

@article {RK4,
   author = {Kornhuber, Ralf},
   affiliation = {Konrad-Zuse-Zentrum für Informationstechnik Berlin, Heilbronner Str. 10, D-10711 Berlin, Germany DE DE},
   title = {Monotone multigrid methods for elliptic variational inequalities II},
   journal = {Numerische Mathematik},
   pages = {481-499},
   volume = {72},
   year = {1996}
}



@article {RR,
   author = {Kornhuber, Ralf and Krause, Rolf},
   affiliation = {Freie Universität Berlin, Fachbereich Mathematik und Informatik, WE 2, Arnimallee 2–6, D-14195 Berlin, Germany DE},
   title = {Adaptive multigrid methods for Signorini’s problem in linear elasticity},
   journal = {Computing and Visualization in Science},
   publisher = {Springer Berlin / Heidelberg},
   pages = {9-20},
   volume = {4},
   year = {2001}
}

@article{RR2,
     title = {Adaptive Multilevel Methods for Obstacle Problems},
     author = {Hoppe, R. H. W. and Kornhuber, R.},
     journal = {SIAM Journal on Numerical Analysis},
     volume = {31},
     pages = {pp. 301-323},
     year = {1994},
    }


@article{SB2,
  author = {Subhendu B. Hazra},
  title = {Multigrid one-shot method for aerodynamic shape optimization},
  journal = {SIAM Journal on Scientific Computing},
  year = {2008},
  volume = {30},
  pages = {1527--1547},
}

@article{TBV,
  author = {Thomas Dreyer and Bernd Maar and Volker Schulz},
  title = {Thomas Dreyera, Bernd Maara, Volker Schulzb},
  journal = {Journal of Computational and Applied Mathematics},
  year = {2000},
  volume = {12},
  pages = {67--84},
}


@book{trotten,
  author = {U.Trottenberg and C.W.Oosterlee and A.Schuller},
  title = {Multigrid},
  publisher= {Academic Press},
  year = {2001},
}

@article {WH,
   author = {Hackbusch, W. and Mittelmann, H. D.},
   title = {On multi-grid methods for variational inequalities},
   journal = {Numerische Mathematik},
   pages = {65-76},
   volume = {42},
   year = {1983}
}






